<record><leader>00000cas a22000007a 4500</leader><controlfield tag="001">9463201</controlfield><controlfield tag="008">830429d18681896mauwr ne      0    0eng d</controlfield><controlfield tag="009">3768</controlfield><datafield ind1=" " ind2=" " tag="010"><subfield code="a">sn 83020622 </subfield></datafield><datafield ind1=" " ind2=" " tag="040"><subfield code="a">NPX</subfield><subfield code="b">eng</subfield><subfield code="c">NPX</subfield><subfield code="d">NPU</subfield><subfield code="d">NYS</subfield></datafield><datafield ind1=" " ind2=" " tag="042"><subfield code="a">msc</subfield></datafield><datafield ind1=" " ind2=" " tag="043"><subfield code="a">n-us-ma</subfield></datafield><datafield ind1="0" ind2=" " tag="130"><subfield code="a">Hoosac Valley news (North Adams, Mass. : 1868)</subfield></datafield><datafield ind1="0" ind2="4" tag="245"><subfield code="a">The Hoosac Valley news.</subfield></datafield><datafield ind1=" " ind2=" " tag="260"><subfield code="a">North Adams, Mass. :</subfield><subfield code="b">Phillips &amp; Mandeville,</subfield><subfield code="c">1868-</subfield></datafield><datafield ind1=" " ind2=" " tag="300"><subfield code="a">v. ;</subfield><subfield code="c">69 cm.</subfield></datafield><datafield ind1=" " ind2=" " tag="310"><subfield code="a">Weekly</subfield></datafield><datafield ind1="0" ind2=" " tag="362"><subfield code="a">Vol. 1, no. 1 (Jan. 2, 1868)-</subfield></datafield><datafield ind1="1" ind2=" " tag="362"><subfield code="a">Ceased in 1896?</subfield><subfield code="z">Cf. NIM, 1973-1977.</subfield></datafield><datafield ind1=" " ind2=" " tag="500"><subfield code="a">"Independent," &lt;1868-1871&gt;; "Republican," &lt;1872-1876&gt;. Cf. Rowell &amp; Co.'s Amer. newspaper direct., 1869-1875,1877.</subfield></datafield><datafield ind1=" " ind2=" " tag="500"><subfield code="a">Publishers: J.C. Angell &amp; James L. Bowen, &lt;1872&gt;; Jas. C. Angell, &lt;1873-1876&gt;.</subfield></datafield><datafield ind1=" " ind2=" " tag="500"><subfield code="a">Published on Wednesday, &lt;1868-1873&gt;; on Thursday, &lt;1874-1876&gt;.</subfield></datafield><datafield ind1=" " ind2=" " tag="530"><subfield code="a">Available on microfilm from Graphic Microfilm of New England.</subfield></datafield><datafield ind1=" " ind2=" " tag="500"><subfield code="a">Editor: J.C. Angell, &lt;1868-1876, 1880&gt;.</subfield></datafield><datafield ind1="1" ind2=" " tag="700"><subfield code="a">Angell, James C.</subfield></datafield><datafield ind1=" " ind2=" " tag="752"><subfield code="a">United States</subfield><subfield code="b">Massachusetts</subfield><subfield code="c">Berkshire</subfield><subfield code="d">North Adams.</subfield></datafield></record>